@article{leon2023networked,
  author  = {Leon, R. and Bi, W. and Eynis, E. and Johnson, T. and Yan, W. and Acken, J. and Burnett, D. C.},
  title   = {The Networked Nitrous Node: A Low-Power Field-Deployable COTS-Based N2O Gas Sensor Platform},
  journal = {IEEE Sensors Letters},
  volume  = {7},
  number  = {6},
  pages   = {1--4},
  month   = jun,
  year    = {2023},
  doi     = {10.1109/LSENS.2023.3276339}
}